<record><leader>00000cas a22000007a 4500</leader><controlfield tag="001">38784066</controlfield><controlfield tag="008">980321d188u191utnuwr ne      0    0eng d</controlfield><datafield ind1=" " ind2=" " tag="010"><subfield code="a">sn 98069758 </subfield></datafield><datafield ind1=" " ind2=" " tag="040"><subfield code="a">TGN</subfield><subfield code="b">eng</subfield><subfield code="c">TGN</subfield><subfield code="d">OCLCQ</subfield><subfield code="d">OCLCF</subfield><subfield code="d">OCLCO</subfield></datafield><datafield ind1="1" ind2=" " tag="029"><subfield code="a">AU@</subfield><subfield code="b">000013798313</subfield></datafield><datafield ind1=" " ind2=" " tag="042"><subfield code="a">msc</subfield></datafield><datafield ind1=" " ind2=" " tag="043"><subfield code="a">n-us-tn</subfield></datafield><datafield ind1="0" ind2="0" tag="245"><subfield code="a">Tennessee tomahawk.</subfield></datafield><datafield ind1="3" ind2="0" tag="246"><subfield code="a">Tomahawk</subfield></datafield><datafield ind1=" " ind2=" " tag="260"><subfield code="a">Mountain City, Tenn. :</subfield><subfield code="b">W.R. Keys</subfield></datafield><datafield ind1=" " ind2=" " tag="300"><subfield code="a">v.</subfield></datafield><datafield ind1=" " ind2=" " tag="310"><subfield code="a">Weekly</subfield></datafield><datafield ind1=" " ind2=" " tag="500"><subfield code="a">Publisher: Tomahawk Co., &lt;1897-1915&gt;</subfield></datafield><datafield ind1=" " ind2=" " tag="500"><subfield code="a">Editors: W.R. Keys, &lt;1886-1890&gt;; E.E. Butler, &lt;1898-1900&gt;; E.E. Barry, &lt;1905-1911&gt;; Don H. Phillips, &lt;1915&gt;</subfield></datafield><datafield ind1=" " ind2=" " tag="588"><subfield code="a">Description based on: Vol. 4, no. 40 (Aug. 20, 1886).</subfield></datafield><datafield ind1=" " ind2="0" tag="651"><subfield code="a">Mountain City (Tenn.)</subfield><subfield code="v">Newspapers.</subfield></datafield><datafield ind1=" " ind2="0" tag="651"><subfield code="a">Johnson County (Tenn.)</subfield><subfield code="v">Newspapers.</subfield></datafield><datafield ind1=" " ind2="7" tag="655"><subfield code="a">Newspapers.</subfield><subfield code="2">fast</subfield><subfield code="0">(OCoLC)fst01423814</subfield></datafield><datafield ind1=" " ind2="7" tag="651"><subfield code="a">Tennessee</subfield><subfield code="z">Johnson County.</subfield><subfield code="2">fast</subfield><subfield code="0">(OCoLC)fst01208944</subfield></datafield><datafield ind1=" " ind2="7" tag="651"><subfield code="a">Tennessee</subfield><subfield code="z">Mountain City.</subfield><subfield code="2">fast</subfield><subfield code="0">(OCoLC)fst01226847</subfield></datafield><datafield ind1=" " ind2=" " tag="752"><subfield code="a">United States</subfield><subfield code="b">Tennessee</subfield><subfield code="c">Johnson</subfield><subfield code="d">Mountain City.</subfield></datafield><datafield ind1="0" ind2="0" tag="780"><subfield code="t">Taylorsville reporter</subfield><subfield code="w">(DLC)sn 98069761</subfield></datafield></record>